@incollection{WieringaMeyer,
author={Wieringa, R. J. and Meyer, J.-J.Ch},
title={Applications of Deontic Logic in Computer Science: A Concise Overview},
booktitle={Deontic Logic in Computer Science}
year={1994},
pages={17-40}
}

@incollection{Powers,
author={Powers, Thomas M.},
title={Prospects for a Kantian Machine},
booktitle={Machine Ethics},
year={2011},
editor={Anderson, Michael and Anderson, Susan Leigh},
publisher={Cambridge University Press},
pages={464-475}
}

@incollection{Andersons,
author={Anderson, Michael and Anderson, Susan Leigh},
title={A Prima Facie Duty Approach to Ethics},
booktitle={Machine Ethics},
year={2011},
editor={Anderson, Michael and Anderson, Susan Leigh},
publisher={Cambridge University Press},
pages={476-492}
}

@incollection{Wyner,
year={2006},
booktitle={Declarative Agent Languages and Technologies IV},
volume={4327},
series={Lecture Notes in Computer Science},
editor={Baldoni, Matteo and Endriss, Ulle},
title={A Functional Program for Agents, Actions, and Deontic Specifications},
publisher={Springer Berlin Heidelberg},
author={Wyner, AdamZachary},
pages={239-256}
}

@incollection{MeyerWieringaDignum,
year={1998},
booktitle={Logics for Databases and Information Systems},
volume={436},
series={The Springer International Series in Engineering and Computer Science},
editor={Chomicki, Jan and Saake, Gunter},
title={The Role of Deontic Logic in the Specification of Information Systems},
publisher={Springer US},
author={Meyer, J.-J.Ch. and Wieringa, R.J. and Dignum, F.P.M.},
pages={71-115}
}
